@article{Olmos2001,
    title = "Numerical simulation of multiphase flow in bubble column reactors. Influence of bubble coalescence and break-up ",
    journal = "Chemical Engineering Science ",
    volume = "56",
    number = "21–22",
    pages = "6359 - 6365",
    year = "2001",
    note = "Proceedings of the 5th International Conference on Gas-Liquid and Gas-Liquid-Solid Reactor Engineering ",
    issn = "0009-2509",
    doi = "http://dx.doi.org/10.1016/S0009-2509(01)00204-4",
    url = "http://www.sciencedirect.com/science/article/pii/S0009250901002044",
    author = "E Olmos and C Gentric and Ch Vial and G Wild and N Midoux",
    keywords = "Bubble column",
    keywords = "Euler–Euler",
    keywords = "Simulation",
    keywords = "Gas–liquid flow",
    keywords = "Coalescence",
    keywords = "Break-up",
    keywords = "CFD "
}

@article {Prince1990,
    author = {Prince, Michael J. and Blanch, Harvey W.},
    title = {Bubble coalescence and break-up in air-sparged bubble columns},
    journal = {AIChE Journal},
    volume = {36},
    number = {10},
    publisher = {American Institute of Chemical Engineers},
    issn = {1547-5905},
    url = {http://dx.doi.org/10.1002/aic.690361004},
    doi = {10.1002/aic.690361004},
    pages = {1485--1499},
    year = {1990},
}

@article {Luo1996,
    author = {Luo, Hean and Svendsen, Hallvard F.},
    title = {Theoretical model for drop and bubble breakup in turbulent dispersions},
    journal = {AIChE Journal},
    volume = {42},
    number = {5},
    publisher = {American Institute of Chemical Engineers},
    issn = {1547-5905},
    url = {http://dx.doi.org/10.1002/aic.690420505},
    doi = {10.1002/aic.690420505},
    pages = {1225--1233},
    year = {1996},
}
